@inproceedings{he2016resnet,
  title={Deep residual learning for image recognition},
  author={He, Kaiming and Zhang, Xiangyu and Ren, Shaoqing and Sun, Jian},
  booktitle={Proceedings of the IEEE conference on computer vision and pattern recognition},
  pages={770--778},
  year={2016}
}

@article{lecun1998lenet,
  title={Gradient-based learning applied to document recognition},
  author={LeCun, Yann and Bottou, L{\'e}on and Bengio, Yoshua and Haffner, Patrick and others},
  journal={Proceedings of the IEEE},
  volume={86},
  number={11},
  pages={2278--2324},
  year={1998},
  publisher={Taipei, Taiwan}
}

@inproceedings{raina2009gpu,
  title={Large-scale deep unsupervised learning using graphics processors},
  author={Raina, Rajat and Madhavan, Anand and Ng, Andrew Y},
  booktitle={Proceedings of the 26th annual international conference on machine learning},
  pages={873--880},
  year={2009},
  organization={ACM}
}

@article{chetlur2014cudnn,
  title={cudnn: Efficient primitives for deep learning},
  author={Chetlur, Sharan and Woolley, Cliff and Vandermersch, Philippe and Cohen, Jonathan and Tran, John and Catanzaro, Bryan and Shelhamer, Evan},
  journal={arXiv preprint arXiv:1410.0759},
  year={2014}
}

@inproceedings{jouppi2017datacenter,
  title={In-datacenter performance analysis of a tensor processing unit},
  author={Jouppi, Norman P and Young, Cliff and Patil, Nishant and Patterson, David and Agrawal, Gaurav and Bajwa, Raminder and Bates, Sarah and Bhatia, Suresh and Boden, Nan and Borchers, Al and others},
  booktitle={2017 ACM/IEEE 44th Annual International Symposium on Computer Architecture (ISCA)},
  pages={1--12},
  year={2017},
  organization={IEEE}
}

@inproceedings{dean2012large,
  title={Large scale distributed deep networks},
  author={Dean, Jeffrey and Corrado, Greg and Monga, Rajat and Chen, Kai and Devin, Matthieu and Mao, Mark and Senior, Andrew and Tucker, Paul and Yang, Ke and Le, Quoc V and others},
  booktitle={Advances in neural information processing systems},
  pages={1223--1231},
  year={2012}
}

@inproceedings{bergstra2010theano,
  title={Theano: a CPU and GPU math expression compiler},
  author={Bergstra, James and Breuleux, Olivier and Bastien, Fr{\'e}d{\'e}ric and Lamblin, Pascal and Pascanu, Razvan and Desjardins, Guillaume and Turian, Joseph and Warde-Farley, David and Bengio, Yoshua},
  booktitle={Proceedings of the Python for scientific computing conference (SciPy)},
  volume={4},
  number={3},
  year={2010},
  organization={Austin, TX}
}

@inproceedings{jia2014caffe,
  title={Caffe: Convolutional architecture for fast feature embedding},
  author={Jia, Yangqing and Shelhamer, Evan and Donahue, Jeff and Karayev, Sergey and Long, Jonathan and Girshick, Ross and Guadarrama, Sergio and Darrell, Trevor},
  booktitle={Proceedings of the 22nd ACM international conference on Multimedia},
  pages={675--678},
  year={2014},
  organization={ACM}
}

@inproceedings{abadi2016tensorflow,
  title={Tensorflow: A system for large-scale machine learning},
  author={Abadi, Mart{\'\i}n and Barham, Paul and Chen, Jianmin and Chen, Zhifeng and Davis, Andy and Dean, Jeffrey and Devin, Matthieu and Ghemawat, Sanjay and Irving, Geoffrey and Isard, Michael and others},
  booktitle={12th $\{$USENIX$\}$ Symposium on Operating Systems Design and Implementation ($\{$OSDI$\}$ 16)},
  pages={265--283},
  year={2016}
}

@article{paszke2017pytorch,
  title={Pytorch: Tensors and dynamic neural networks in python with strong gpu acceleration},
  author={Paszke, Adam and Gross, Sam and Chintala, Soumith and Chanan, Gregory},
  journal={PyTorch: Tensors and dynamic neural networks in Python with strong GPU acceleration},
  year={2017}
}

@inproceedings{tokui2015chainer,
  title={Chainer: a next-generation open source framework for deep learning},
  author={Tokui, Seiya and Oono, Kenta and Hido, Shohei and Clayton, Justin},
  booktitle={Proceedings of workshop on machine learning systems (LearningSys) in the twenty-ninth annual conference on neural information processing systems (NIPS)},
  volume={5},
  pages={1--6},
  year={2015}
}

@misc{chollet2015keras,
  title={Keras},
  author={Chollet, Fran{\c{c}}ois and others},
  year={2015}
}

@online{baiduAllreduce,
  author = {Baidu Research},
  title = {Baidu Ring Allreduce},
  year = 2017,
  url = {https://github.com/baidu-research/baidu-allreduce},
  urldate = {2019-05-04}
}
